@manual{anleitung207,
author = "TU Dortmund", 
title = "Versuchsanleitung zu Versuch Nr. 207 Das Kugelfallviskosimeter nach Höppler",
year = 2016,
url = "http://129.217.224.2/HOMEPAGE/PHYSIKER/BACHELOR/AP/SKRIPT/Viskositaet.pdf"
}

@misc{molarmass, 
url = {https://www.webqc.org/molecular-weight-of-Cu.html}
}

@misc{volume, 
url = {http://periodictable.com/Elements/029/data.html}
}

@BOOK{gross,
	AUTHOR = {Gross, Rudolf AND Marx, Achim},
	YEAR = {2018},
	TITLE = {Festkörperphysik - },
	EDITION = {3. Aufl.},
	ISBN = {978-3-110-55928-6},
	PUBLISHER = {Walter de Gruyter GmbH und Co KG},
	ADDRESS = {Berlin},
}