@manual{anleitung207,
author = "TU Dortmund", 
title = "Versuchsanleitung zu Versuch Nr. 207 Das Kugelfallviskosimeter nach HÃ¶ppler",
year = 2016,
url = "http://129.217.224.2/HOMEPAGE/PHYSIKER/BACHELOR/AP/SKRIPT/Viskositaet.pdf"
}

@BOOK{semiconductors,
	AUTHOR = {YU, Peter AND Cardona, Manuel},
	YEAR = {2010},
	TITLE = {Fundamentals of Semiconductors - Physics and Materials Properties},
	EDITION = {},
	ISBN = {978-3-642-00710-1},
	PUBLISHER = {Springer Science ans Business Media},
	ADDRESS = {Berlin Heidelberg},
    PAGES = {228},
}