@manual{anleitung60,
author = "TU Dortmund", 
title = "Manual to V60 Diode Laser Physics",
year = 2018,
url = "http://129.217.224.2/HOMEPAGE/PHYSIKER/MASTER/SKRIPT/Diodenl.pdf"
}

@manual{anleitung61,
author = "TU Dortmund",
title = "Manual to V61 HeNe-Laser",
year = 2018,
url = "http://129.217.224.2/HOMEPAGE/PHYSIKER/BACHELOR/FP/SKRIPT/V61.pdf"
}

@BOOK{eichler,
	AUTHOR = {Eichler, Hans Joachim AND Eichler, Jürgen},
	YEAR = {2015},
	TITLE = {Laser - Bauformen, Strahlführung, Anwendungen},
	EDITION = {8},
	PUBLISHER = {Springer-Verlag},
	ADDRESS = {Berlin Heidelberg New York},
}
