@manual{anleitung64,
author = "TU Dortmund", 
title = "Versuchsanleitung zu Versuch Nr. 64 Moderne Interferometrie",
url = "http://129.217.224.2/HOMEPAGE/PHYSIKER/MASTER/SKRIPT/Interferometrie.pdf", 
note = "Besucht am 14.10.18"
}

@online{pola,
      author = "Fresheneesz",
      title = "Malus law",
      date = "2008-05-27",
      urldate = "2018-10-16",	
      url = " https://commons.wikimedia.org/wiki/File:Malus_law.svg"
}

@online{lorentz,
      author = "Unknown",
      title = "Lorentzâ€“Lorenz equation",
      date = "2008-09-28",
      urldate = "2018-10-16",
      url = " https://en.wikipedia.org/wiki/Clausius%E2%80%93Mossotti_relation"
}



@online{refr_index_air,
      author = "Jack A. Stone and Jay H. Zimmerman",
      title = "Index of Refraction of Air",
      urldate = "2018-10-18",
      url = "https://emtoolbox.nist.gov/Wavelength/Ciddor.asp"
}

@misc{rii,
  author = {Mikhail N. Polyanskiy},
  title = {Refractive index database},
  howpublished = {\url{https://refractiveindex.info}},
  note = {Accessed on 2018-10-18}
}