@manual{anleitungv18,
author = "TU Dortmund", 
title = "Versuchsanleitung zu Versuch Nr. 18 Der Reinst-Germanium-Detektor als
Instrument der Gamma-Spektroskopie",
year = 2018,
url = "http://129.217.224.2/HOMEPAGE/PHYSIKER/MASTER/SKRIPT/V18.pdf", 
note = "Besucht am 01.11.18"
}
